@inbook{Norm,
    author    = "Rex Hogan",
    title     = "A Practical Guide to Database Design Second Edition",
    publisher = "CRC Press",
    year = "2018",
    chapter = "2.8",
    keywords  = "Hogan,Database"
}